%% Created for lmtp: An R Package for Estimating the Causal Effects of Modified Treatment Policies and Beyond

@article{jasaLMTP,
	author = {Iv{\'a}n D{\'\i}az and Nicholas Williams and Katherine L. Hoffman and Edward J. Schenck},
	doi = {10.1080/01621459.2021.1955691},
	journal = {Journal of the American Statistical Association},
	title = {Nonparametric Causal Effects Based on Longitudinal Modified Treatment Policies},
	year = {2021}}

@article{luedtke2017sequential,
	author = {Luedtke, Alexander R and Sofrygin, Oleg and van der Laan, Mark J and Carone, Marco},
	journal = {arXiv preprint arXiv:1705.02459},
	title = {Sequential double robustness in right-censored longitudinal models},
	year = {2017}}

@article{rotnitzky2017multiply,
	author = {Rotnitzky, Andrea and Robins, James and Babino, Lucia},
	journal = {arXiv preprint arXiv:1705.08582},
	title = {On the multiply robust estimation of the mean of the g-functional},
	year = {2017}}

@article{van2011targeted,
	author = {van der Laan, Mark J and Gruber, Susan},
	publisher = {bepress},
	title = {Targeted minimum loss based estimation of an intervention specific mean outcome},
	year = {2011}}

@article{mendes2018metabolic,
	author = {Mendes, M{\'a}rcio de Almeida and da Silva, In{\'a}cio and Ramires, Virgilio and Reichert, Felipe and Martins, Rafaela and Ferreira, Rodrigo and Tomasi, Elaine},
	journal = {PloS one},
	number = {7},
	title = {Metabolic equivalent of task (METs) thresholds as an indicator of physical activity intensity},
	volume = {13},
	year = {2018}}

@book{vanderLaanRose11,
	address = {New York},
	author = {{van der Laan}, Mark J and Rose, Sherri},
	publisher = {Springer},
	title = {Targeted Learning: Causal Inference for Observational and Experimental Data},
	year = 2011}

@book{vanderLaanRose18,
	address = {New York},
	author = {{van der Laan}, Mark J and Rose, Sherri},
	publisher = {Springer},
	title = {Targeted Learning in Data Science: Causal Inference for Complex longitudinal Studies},
	year = 2018}

@article{petersen2014delayed,
	author = {Petersen, Maya L and Tran, Linh and Geng, Elvin H and Reynolds, Steven J and Kambugu, Andrew and Wood, Robin and Bangsberg, David R and Yiannoutsos, Constantin T and Deeks, Steven G and Martin, Jeffrey N},
	journal = {AIDS (London, England)},
	number = {14},
	title = {Delayed switch of antiretroviral therapy after virologic failure associated with elevated mortality among HIV-infected adults in Africa},
	volume = {28},
	year = {2014}}

@article{bang2005doubly,
	author = {Bang, Heejung and Robins, James M},
	journal = {Biometrics},
	number = {4},
	title = {Doubly robust estimation in missing data and causal inference models},
	volume = {61},
	year = {2005}}

@article{KimIncrementalInterventionEffects,
	author = {Kwangho Kim and Edward H. Kennedy and Ashley I. Naimi},
	doi = {doi:10.1515/jci-2020-0031},
	title = {Incremental intervention effects in studies with dropout and many timepoints},
	journal = {Journal of Causal Inference},
	number = {1},
	volume = {9},
	year = {2021},
	pages = {302--344}}

@article{kennedyNonparametricCausalEffects2019,
	author = {Kennedy, Edward H.},
	doi = {10.1080/01621459.2017.1422737},
	journal = {Journal of the American Statistical Association},
	number = {526},
	title = {Nonparametric {Causal} {Effects} {Based} on {Incremental} {Propensity} {Score} {Interventions}},
	volume = {114},
	year = {2019}}

@article{munozPopulationInterventionCausal2012,
	author = {D{\'\i}az, Iv{\'a}n and van der Laan, Mark},
	doi = {10.1111/j.1541-0420.2011.01685.x},
	journal = {Biometrics},
	number = {2},
	pages = {541--549},
	title = {Population intervention causal effects based on stochastic interventions},
	volume = {68},
	year = {2012}}

@article{haneuseEstimationEffectInterventions2013,
	author = {Haneuse, S. and Rotnitzky, A.},
	doi = {10.1002/sim.5907},
	journal = {Statistics in Medicine},
	number = {30},
	pages = {5260--5277},
	title = {Estimation of the effect of interventions that modify the received treatment},
	volume = {32},
	year = {2013}}

@article{breimanStackedRegressions1996,
	author = {Breiman, Leo},
	doi = {10.1007/BF00117832},
	journal = {Machine Learning},
	number = {1},
	pages = {49--64},
	title = {Stacked regressions},
	volume = {24},
	year = {1996}}

@article{wolpertStackedGeneralization1992,
	author = {Wolpert, David H.},
	doi = {10.1016/S0893-6080(05)80023-1},
	journal = {Neural Networks},
	number = {2},
	pages = {241--259},
	title = {Stacked generalization},
	volume = {5},
	year = {1992}}

@article{laanSuperLearner2007,
	author = {van der Laan, Mark J. and Polley, Eric C. and Hubbard, Alan E.},
	doi = {10.2202/1544-6115.1309},
	journal = {Statistical Applications in Genetics and Molecular Biology},
	number = {1},
	title = {Super {Learner}},
	volume = {6},
	year = {2007}}

@article{chernozhukovDoubleDebiasedMachine2018,
	author = {Chernozhukov, Victor and Chetverikov, Denis and Demirer, Mert and Duflo, Esther and Hansen, Christian and Newey, Whitney and Robins, James},
	doi = {10.1111/ectj.12097},
	journal = {The Econometrics Journal},
	number = {1},
	title = {Double/debiased machine learning for treatment and structural parameters},
	volume = {21},
	year = {2018}}

@article{youngIdentificationEstimationApproximation2014,
	author = {Young, Jessica G. and Her{\'n}an, Miguel A. and Robins, James M.},
	doi = {10.1515/em-2012-0001},
	journal = {Epidemiologic methods},
	number = {1},
	pages = {1--19},
	title = {Identification, estimation and approximation of risk under interventions that depend on the natural value of treatment using observational data},
	volume = {3},
	year = {2014}}

@article{taubmanInterveningRiskFactors2009,
	doi = {10.1093/ije/dyp192},
	journal = {International Journal of Epidemiology},
	number = {6},
	pages = {1599--1611},
	title = {Intervening on risk factors for coronary heart disease: an application of the parametric g-formula},
	volume = {38},
	year = {2009}}

@article{rosenbaumCentralRolePropensity1983,
	author = {Rosenbaum, Paul R. and Rubin, Donald B.},
	doi = {10.2307/2335942},
	journal = {Biometrika},
	number = {1},
	pages = {41--55},
	title = {The {Central} {Role} of the {Propensity} {Score} in {Observational} {Studies} for {Causal} {Effects}},
	volume = {70},
	year = {1983}}

@incollection{roseOpenProblem2011,
	address = {New York, NY},
	author = {Rose, Sherri and van der Laan, Mark J.},
	booktitle = {Targeted {Learning}: {Causal} {Inference} for {Observational} and {Experimental} {Data}},
	doi = {10.1007/978-1-4419-9782-1_1},
	editor = {van der Laan, Mark J. and Rose, Sherri},
	isbn = {978-1-4419-9782-1},
	pages = {3--20},
	publisher = {Springer},
	series = {Springer {Series} in {Statistics}},
	title = {The {Open} {Problem}},
	year = {2011}}

@incollection{roseUnderstandingTMLE2011,
	address = {New York, NY},
	author = {Rose, Sherri and van der Laan, Mark J.},
	booktitle = {Targeted {Learning}: {Causal} {Inference} for {Observational} and {Experimental} {Data}},
	doi = {10.1007/978-1-4419-9782-1_5},
	isbn = {978-1-4419-9782-1},
	pages = {83--100},
	publisher = {Springer},
	series = {Springer {Series} in {Statistics}},
	title = {Understanding {TMLE}},
	year = {2011}}

@incollection{polleySuperLearningRightCensored2011,
	address = {New York, NY},
	author = {Polley, Eric C. and van der Laan, Mark J.},
	booktitle = {Targeted {Learning}: {Causal} {Inference} for {Observational} and {Experimental} {Data}},
	doi = {10.1007/978-1-4419-9782-1_16},
	editor = {van der Laan, Mark J. and Rose, Sherri},
	isbn = {978-1-4419-9782-1},
	pages = {249--258},
	publisher = {Springer},
	series = {Springer {Series} in {Statistics}},
	title = {Super {Learning} for {Right}-{Censored} {Data}},
	year = {2011}}

@incollection{zhengCrossValidatedTargetedMinimumLossBased2011b,
	address = {New York, NY},
	author = {Zheng, Wenjing and van der Laan, Mark J.},
	booktitle = {Targeted {Learning}: {Causal} {Inference} for {Observational} and {Experimental} {Data}},
	doi = {10.1007/978-1-4419-9782-1_27},
	editor = {van der Laan, Mark J. and Rose, Sherri},
	isbn = {978-1-4419-9782-1},
	pages = {459--474},
	publisher = {Springer},
	series = {Springer {Series} in {Statistics}},
	title = {Cross-{Validated} {Targeted} {Minimum}-{Loss}-{Based} {Estimation}},
	year = {2011}}

@book{laanTargetedLearningCausal2011a,
	address = {New York},
	author = {Laan, Mark J. van der and Rose, Sherri},
	doi = {10.1007/978-1-4419-9782-1},
	isbn = {978-1-4419-9781-4},
	publisher = {Springer-Verlag},
	series = {Springer {Series} in {Statistics}},
	title = {Targeted {Learning}: {Causal} {Inference} for {Observational} and {Experimental} {Data}},
	year = {2011}}

@article{laanTargetedMaximumLikelihood2006,
	author = {Laan, Mark J. van der and Rubin, Daniel},
	doi = {10.2202/1557-4679.1043},
	journal = {The International Journal of Biostatistics},
	number = {1},
	title = {Targeted {Maximum} {Likelihood} {Learning}},
	volume = {2},
	year = {2006}}

@article{buckleyLinearRegressionCensored1979,
	author = {Buckley, Jonathan and James, Ian},
	doi = {10.2307/2335161},
	journal = {Biometrika},
	number = {3},
	pages = {429--436},
	title = {Linear {Regression} with {Censored} {Data}},
	volume = {66},
	year = {1979}}

@article{fanCensoredRegressionLocal1994,
	author = {Fan, Jianqing and Gijbels, Irene},
	doi = {10.2307/2290859},
	journal = {Journal of the American Statistical Association},
	number = {426},
	pages = {560--570},
	title = {Censored {Regression}: {Local} {Linear} {Approximations} and {Their} {Applications}},
	volume = {89},
	year = {1994}}

@article{vanderlaanUnifiedCrossValidationMethodology2003,
	author = {van der Laan, Mark and Dudoit, Sandrine},
	journal = {U.C. Berkeley Division of Biostatistics Working Paper Series},
	title = {Unified {Cross}-{Validation} {Methodology} {For} {Selection} {Among} {Estimators} and a {General} {Cross}-{Validated} {Adaptive} {Epsilon}-{Net} {Estimator}: {Finite} {Sample} {Oracle} {Inequalities} and {Examples}},
	year = {2003}}

@article{rotnitzkyDoublyRobustEstimation2006,
	author = {Rotnitzky, Andrea and Faraggi, David and Schisterman, Enrique},
	doi = {10.1198/016214505000001339},
	journal = {Journal of the American Statistical Association},
	number = {475},
	pages = {1276--1288},
	title = {Doubly {Robust} {Estimation} of the {Area} {Under} the {Receiver}-{Operating} {Characteristic} {Curve} in the {Presence} of {Verification} {Bias}},
	volume = {101},
	year = {2006}}

@article{rubinDoublyRobustCensoring2006,
	author = {Rubin, Daniel and Laan, Mark van der},
	file = {"Doubly Robust Censoring Unbiased Transformations" by Daniel Rubin and Mark J. van der Laan:/Users/Nick/Zotero/storage/QGGYFIZY/paper208.html:text/html},
	journal = {U.C. Berkeley Division of Biostatistics Working Paper Series},
	month = jun,
	title = {Doubly {Robust} {Censoring} {Unbiased} {Transformations}},
	year = {2006}}

@article{kennedyNonparametricMethodsDoubly2017,
	author = {Kennedy, Edward H. and Ma, Zongming and McHugh, Matthew D. and Small, Dylan S.},
	doi = {10.1111/rssb.12212},
	journal = {Journal of the Royal Statistical Society. Series B, Statistical methodology},
	number = {4},
	pages = {1229--1245},
	title = {Nonparametric methods for doubly robust estimation of continuous treatment effects},
	volume = {79},
	year = {2017}

@article{wrightRanger,
	author = {Marvin N. Wright and Andreas Ziegler},
	doi = {10.18637/jss.v077.i01},
	journal = {Journal of Statistical Software},
	number = {1},
	pages = {1--17},
	title = {\pkg{ranger}: A Fast Implementation of Random Forests for High Dimensional Data in \proglang{C++} and \proglang{R}},
	volume = {77},
	year = {2017}}

@manual{milborrowEarth,
	author = {Stephen Milborrow},
	note = {\proglang{R} package version 5.1.2},
	title = {\pkg{earth}: Multivariate Adaptive Regression Splines},
	year = {2019}}

@manual{rcore,
	address = {Vienna, Austria},
	author = {{\proglang{R} Core Team}},
	organization = {\proglang{R} Foundation for Statistical Computing},
	title = {\proglang{R}: A Language and Environment for Statistical Computing},
	year = {2020}}
